<record><leader>00000cas a22000007a 4500</leader><controlfield tag="001">8790091</controlfield><controlfield tag="008">820920d18721877caudn ne      0   a0eng  </controlfield><controlfield tag="009">466</controlfield><datafield ind1=" " ind2=" " tag="010"><subfield code="a">sn 82006830 </subfield></datafield><datafield ind1=" " ind2=" " tag="040"><subfield code="a">DLC</subfield><subfield code="b">eng</subfield><subfield code="c">DLC</subfield><subfield code="d">NPX</subfield><subfield code="d">DLC</subfield><subfield code="d">ANU</subfield><subfield code="d">CNK</subfield><subfield code="d">OCLCQ</subfield><subfield code="d">CUS</subfield><subfield code="d">OCLCO</subfield><subfield code="d">OCLCF</subfield></datafield><datafield ind1="1" ind2=" " tag="029"><subfield code="a">AU@</subfield><subfield code="b">000025800630</subfield></datafield><datafield ind1=" " ind2=" " tag="042"><subfield code="a">msc</subfield></datafield><datafield ind1="0" ind2="0" tag="050"><subfield code="a">Newspaper 7114-X</subfield></datafield><datafield ind1="1" ind2="4" tag="050"><subfield code="a">F869.S22</subfield><subfield code="b">.W67</subfield></datafield><datafield ind1="0" ind2=" " tag="130"><subfield code="a">World (San Diego, Calif.)</subfield></datafield><datafield ind1="0" ind2="4" tag="245"><subfield code="a">The world.</subfield></datafield><datafield ind1="1" ind2="3" tag="246"><subfield code="a">Daily world</subfield><subfield code="f">Sept. 20, 1872-Apr. 1874</subfield></datafield><datafield ind1="1" ind2="3" tag="246"><subfield code="a">Evening world</subfield><subfield code="f">May 1874-Dec. 1876, Feb. 3-Apr. 7, 1877</subfield></datafield><datafield ind1="1" ind2="3" tag="246"><subfield code="a">Morning world</subfield><subfield code="f">Dec. 1876-Feb. 2, 1877</subfield></datafield><datafield ind1="1" ind2="7" tag="246"><subfield code="a">San Diego world</subfield><subfield code="f">July 18, 1876-Apr. 7, 1877</subfield></datafield><datafield ind1=" " ind2=" " tag="260"><subfield code="a">San Diego, Calif. :</subfield><subfield code="b">Gatewood &amp; Briseno</subfield></datafield><datafield ind1=" " ind2=" " tag="300"><subfield code="a">v. :</subfield><subfield code="b">ill. (chiefly advertisements) ;</subfield><subfield code="c">53-69 cm.</subfield></datafield><datafield ind1=" " ind2=" " tag="310"><subfield code="a">Daily (except Sun.)</subfield></datafield><datafield ind1="0" ind2=" " tag="362"><subfield code="a">Vol. 1, no. 50 (Sept. 20, 1872)-v. 8, no. 1461 (Apr. 7, 1877).</subfield></datafield><datafield ind1=" " ind2=" " tag="500"><subfield code="a">Issued concurrently as: The World; and The Evening World, Feb. 3-Apr. 7, 1877.</subfield></datafield><datafield ind1=" " ind2=" " tag="500"><subfield code="a">Editors: Jacob M. Julian, N.H. Conklin, &lt;1875-1876&gt;; Jacob M. Julian, B.A. Fickas, &lt;1877&gt;</subfield></datafield><datafield ind1=" " ind2=" " tag="500"><subfield code="a">Publishers: W. Jeff. Gatewood, 1872-1875; Jacob M. Julian, 1875-1876; Thomas H. Bush, &lt;1876&gt; Geo. Neale, &lt;1877&gt;</subfield></datafield><datafield ind1=" " ind2=" " tag="500"><subfield code="a">"Democratic." Cf. Dawson, M. Hist. and bibliography of Southern Calif. newspapers, 1851-1876.</subfield></datafield><datafield ind1=" " ind2=" " tag="530"><subfield code="a">Also available on microfilm from the University of California, Berkeley.</subfield></datafield><datafield ind1=" " ind2="0" tag="651"><subfield code="a">San Diego (Calif.)</subfield><subfield code="v">Newspapers.</subfield></datafield><datafield ind1=" " ind2="7" tag="655"><subfield code="a">Newspapers.</subfield><subfield code="2">fast</subfield><subfield code="0">(OCoLC)fst01423814</subfield></datafield><datafield ind1=" " ind2="7" tag="651"><subfield code="a">California</subfield><subfield code="z">San Diego.</subfield><subfield code="2">fast</subfield><subfield code="0">(OCoLC)fst01205232</subfield></datafield><datafield ind1=" " ind2=" " tag="752"><subfield code="a">United States</subfield><subfield code="b">California</subfield><subfield code="c">San Diego</subfield><subfield code="d">San Diego.</subfield></datafield><datafield ind1="0" ind2=" " tag="775"><subfield code="a">World (San Diego, Calif. : Weekly)</subfield><subfield code="w">(DLC)sn 95061697</subfield></datafield><datafield ind1="0" ind2="0" tag="780"><subfield code="t">San Diego daily world</subfield><subfield code="w">(DLC)sn 95061701</subfield></datafield><datafield ind1="0" ind2="0" tag="785"><subfield code="t">San Diego news</subfield><subfield code="w">(DLC)sn 94051065</subfield></datafield></record>